<?xml version="1.0" encoding="UTF-8"?><collection xmlns="http://www.loc.gov/MARC21/slim"><record><leader>00539nam--2200181-i-4500</leader><controlfield tag="001">000041097</controlfield><controlfield tag="002">20161230</controlfield><controlfield tag="005">20161230201043</controlfield><controlfield tag="008">060222s1000------------r-----000-0-fre-d</controlfield><datafield ind1=" " ind2=" " tag="040"><subfield code="a">IFIN-HH</subfield></datafield><datafield ind1=" " ind2=" " tag="041"><subfield code="a">fre</subfield></datafield><datafield ind1=" " ind2=" " tag="080"><subfield code="a">539.143.43.078(043)</subfield></datafield><datafield ind1="1" ind2=" " tag="100"><subfield code="a">Sechehaye, Robert Arthur</subfield></datafield><datafield ind1="1" ind2="0" tag="245"><subfield code="a">Polarisation dynamique et spectrometrie de haute resolution en champ magnetique faible</subfield><subfield code="b">These</subfield><subfield code="c">Robert arthur sechehaye</subfield></datafield><datafield ind1=" " ind2=" " tag="260"><subfield code="a">Geneve</subfield><subfield code="b">Universite</subfield><subfield code="c">1974</subfield></datafield><datafield ind1=" " ind2=" " tag="300"><subfield code="a">133P</subfield></datafield><datafield ind1=" " ind2=" " tag="852"><subfield code="a">78302</subfield><subfield code="c">539.143.43</subfield></datafield><datafield ind1=" " ind2=" " tag="CAT"><subfield code="a">Sys</subfield><subfield code="c">20120514</subfield><subfield code="h">113857</subfield></datafield></record></collection>